@article{luo2017hospital,
  title={Hospital daily outpatient visits forecasting using a combinatorial model based on ARIMA and SES models},
  author={Luo, Li and Luo, Le and Zhang, Xinli and He, Xiaoli},
  journal={BMC health services research},
  volume={17},
  number={1},
  pages={469},
  year={2017},
  publisher={BioMed Central}
}


@article{whitt2019forecasting,
  title={Forecasting arrivals and occupancy levels in an emergency department},
  author={Whitt, Ward and Zhang, Xiaopei},
  journal={Operations Research for Health Care},
  volume={21},
  pages={1--18},
  year={2019},
  publisher={Elsevier}
}


@article{marcilio2013forecasting,
  title={Forecasting daily emergency department visits using calendar variables and ambient temperature readings},
  author={Marcilio, Izabel and Hajat, Shakoor and Gouveia, Nelson},
  journal={Academic emergency medicine},
  volume={20},
  number={8},
  pages={769--777},
  year={2013},
  publisher={Wiley Online Library}
}

@article{rostami2020anticipating,
  title={Anticipating special events in Emergency Department forecasting},
  author={Rostami-Tabar, Bahman and Ziel, Florian},
  journal={International Journal of Forecasting},
  year={2020},
  publisher={Elsevier}
}

@article{zhou2018time,
  title={Time series model for forecasting the number of new admission inpatients},
  author={Zhou, Lingling and Zhao, Ping and Wu, Dongdong and Cheng, Cheng and Huang, Hao},
  journal={BMC medical informatics and decision making},
  volume={18},
  number={1},
  pages={39},
  year={2018},
  publisher={Springer}
}


@article{sun2009forecasting,
  title={Forecasting daily attendances at an emergency department to aid resource planning},
  author={Sun, Yan and Heng, Bee Hoon and Seow, Yian Tay and Seow, Eillyne},
  journal={BMC emergency medicine},
  volume={9},
  number={1},
  pages={1},
  year={2009},
  publisher={BioMed Central}
}


@article{zinouri2018modelling,
  title={Modelling and forecasting daily surgical case volume using time series analysis},
  author={Zinouri, Nazanin and Taaffe, Kevin M and Neyens, David M},
  journal={Health Systems},
  volume={7},
  number={2},
  pages={111--119},
  year={2018},
  publisher={Taylor \& Francis}
}


@article{moustris2012seven,
  title={Seven-days-ahead forecasting of childhood asthma admissions using artificial neural networks in Athens, Greece},
  author={Moustris, Kostas P and Douros, Konstantinos and Nastos, Panagiotis T and Larissi, Ioanna K and Anthracopoulos, Michael B and Paliatsos, Athanasios G and Priftis, Kostas N},
  journal={International journal of environmental health research},
  volume={22},
  number={2},
  pages={93--104},
  year={2012},
  publisher={Taylor \& Francis}
}


@article{mccoy2018assessment,
  title={Assessment of time-series machine learning methods for forecasting hospital discharge volume},
  author={McCoy, Thomas H and Pellegrini, Amelia M and Perlis, Roy H},
  journal={JAMA network open},
  volume={1},
  number={7},
  pages={e184087--e184087},
  year={2018},
  publisher={American Medical Association}
}

  
  
  @article{gijo2016sarima,
  title={SARIMA models for forecasting call volume in emergency services},
  author={Gijo, EV and Balakrishna, N},
  journal={International Journal of Business Excellence},
  volume={10},
  number={4},
  pages={545--561},
  year={2016},
  publisher={Inderscience Publishers (IEL)}
}

@inproceedings{steins2019forecasting,
  title={Forecasting the demand for emergency medical services},
  author={Steins, Krisjanis and Matinrad, Niki and Granberg, Tobias},
  booktitle={Proceedings of the 52nd Hawaii International Conference on System Sciences},
  year={2019}
}

@article{khaldi2019forecasting,
  title={Forecasting of weekly patient visits to emergency department: real case study},
  author={Khaldi, Rohaifa and El Afia, Abdellatif and Chiheb, Raddouane},
  journal={Procedia computer science},
  volume={148},
  pages={532--541},
  year={2019},
  publisher={Elsevier}
}